@article{ BEcond,
	  author  = "J. L. DuBois and H. R. Glyde",
	  title	  = "Bose-Einstein condensation in trapped bosons: 
		    A variational Monte Carlo analysis",
	  year	  = "2001",
	  journal = "Phys. Rev. A",
	  volume  = "63, 023602"
}
